/home/ulricha/sync/papers/wot.bib